%http://www.bibme.org/bibtex

@BOOK {Craig,
    author    = "John J. Craig",
    title     = "Introduction to Robotics Mahanics and Control",
    publisher = "Pearson education",
    year      = "2005",
    edition   = "third"
}
@misc{marshall_2018, 
title={Uber and Waymo Abruptly Settle For \$245 Million}, url={https://www.wired.com/story/uber-waymo-lawsuit-settlement/}, 
journal={Wired}, 
publisher={Conde Nast}, 
author={Marshall, Aarian}, 
year={2018}, 
month={Feb}
}

@misc{tesla_autoP, title={Autopilot}, url={https://www.tesla.com/autopilot}, journal={Tesla, Inc}}

@misc{waymo, title={Technology – Waymo}, url={https://waymo.com/tech/}, journal={Waymo}}

@misc{otto_motors, title={AGV VS. SDV}, url={https://ottomotors.com/resources/info/agv-vs-sdv}, journal={OTTO Motors}}

@misc{Autonomo37:online,
author = {},
title = {Autonomous Vehicles and Their Sensors},
howpublished = {\url{https://www.azosensors.com/article.aspx?ArticleID=1250}},
note = {(Accessed on 02/22/2019)}
}

@misc{TrafficLaws, 
title = {Danish Traffic Laws}, url={https://www.retsinformation.dk/Forms/R0710.aspx?id=204976}, 
note = {(Accessed on 25/02/2019)}
}

@article{Illigle, 
title = {Lov spænder ben for selvkørende biler}, 
url = {https://www.tvmidtvest.dk/artikel/lov-spaender-ben-selvkoerende-busser?fbclid=IwAR2zihiJYiC8xcTIJeTI61-Ht0h5xMVmf4sBQWe8GUipLHnrejswPMeUZ38}, 
note = {(Accessed on 25/02/2019)}
}

@article{DeliverySystem, 
title = {Starship Technologies' self-driving robots could deliver lunch to your desk by the end of this year}, 
url = {https://www.dailymail.co.uk/sciencetech/article-5677733/Starship-Technologies-cute-delivery-robots-deliver-lunch-desk.html?fbclid=IwAR2dCVsnLtfaEKNwH4bHoQ-D2Nk_N0WoDEL3tNMOroP_0rZHdpaYG1RvjKA}, 
publisher={Mailonline}, 
author={Weston, Phoebe}, 
year={2018}, 
month={May},
note = {(Accessed on 25/02/2019)}
}

@article{Ethics, 
title = {Self-driving car dilemmas reveal that moral choices are not universal}, 
url = {https://www.nature.com/articles/d41586-018-07135-0?fbclid=IwAR1IeI32BOYU-dTtK11uCwH9sHfMU0p3zDKhusOyoXh5elA0-vgsqr2a09E}, 
publisher={nature}, 
author={Maxmen, Amy}, 
year={2018}, 
month={oct},
note = {(Accessed on 28/02/2019)}
}

@misc{AutoCarSys:online,
author = {},
title = {How the Udacity Self-Driving Car Works},
howpublished = {\url{https://medium.com/udacity/how-the-udacity-self-driving-car-works-575365270a40}},
note = {(Accessed on 03/03/2019)}
}

@misc{LidarRad25:online,
title = {Lidar, Radar \& Digital Cameras: the Eyes of Autonomous Vehicles},
howpublished = {\url{https://www.rs-online.com/designspark/lidar-radar-digital-cameras-the-eyes-of-autonomous-vehicles}},
note = {(Accessed on 03/03/2019)}
}
@misc{nvidiadr29:online,
title = {nvidia\_driverless\_car.jpg (600×346)},
howpublished = {\url{https://www.rs-online.com/designspark/rel-assets/dsauto/temp/uploaded/nvidia_driverless_car.jpg?w=815}},

note = {(Accessed on 03/04/2019)}
}

@misc{3m321F1j31:online,
title = {3m32-1-F1.jpg (970×500)},
howpublished = {\url{http://www.microwavejournal.com/ext/resources/images/Figures/2017/Mar/3M32-online/3m32-1-F1.jpg}},
note = {(Accessed on 03/04/2019)}
}

@misc{1vrB0Jrb84:online,
title = {1*vrB0Jrbt4Sjhkw2g\_ZOqhA.jpeg (1000×565)},
howpublished = {\url{https://cdn-images-1.medium.com/max/1600/1*vrB0Jrbt4Sjhkw2g_ZOqhA.jpeg}},
note = {(Accessed on 03/03/2019)}
}
@misc{EUen, title={Urban and rural networks}, url={https://ec.europa.eu/transport/road_safety/specialist/knowledge/road/designing_for_road_function/urban_and_rural_networks_en}, journal={European Commission MOBILITY AND TRANSPORT}, author={European Commission}, year={2016}, month={Oct}}

@misc{UCE, title={Road safety in residential areas }, url={https://www.swov.nl/sites/default/files/publicaties/rapport/d-93-16.pdf}, author={SWOV Institute for Road Safety Research, The Netherlands, F.C.M Wegman}}

@misc{DynamixelServo, 
title = {XL430-W250}, 
url = {http://support.robotis.com/en/product/actuator/dynamixel_x/xl_series/xl430-w250.htm}, 
publisher={ROBOTIS}, 
note = {(Accessed on 10/03/2019)}
}

@misc{2DLidar,
	title = {{360 Laser Distance Sensor LDS-01 (LIDAR)}},
	journal = {ROBOTIS},
	year = {2019},
	month = {Mar},
	note = {[Online; accessed 11. Mar. 2019]},
	url = {http://www.robotis.us/360-laser-distance-sensor-lds-01-lidar}
}

@misc{Lasercla21:online,
author = {},
title = {Laser classification table - Laser Safety Facts},
howpublished = {\url{http://www.lasersafetyfacts.com/laserclasses.html}},
month = {},
year = {},
note = {(Accessed on 03/17/2019)}
}

@misc{Autonomylevel,
author = {Sten Løck},
title = {Førerløse biler overhaler lovgivningen | Djøfbladet},
howpublished = {\url{https://www.djoefbladet.dk/artikler/2017/9/f-oe-rerl-oe-se-biler-overhaler-lovgivningen.aspx}},
month = {9},
year = {2017},
note = {(Accessed on 04/03/2019)}
}

@misc{AutonomyLevel2,
author = {David Scott Brown},
title = {Driverless Cars: Levels of Autonomy},
howpublished = {\url{https://www.techopedia.com/driverless-cars-levels-of-autonomy/2/33449}},
month = {10},
year = {2018},
note = {(Accessed on 04/03/2019)}
}

@misc{Starship,
author = {Phoebe Weston},
title = {Starship Technologies' robots could deliver lunch to your desk | Daily Mail Online},
howpublished = {\url{https://www.dailymail.co.uk/sciencetech/article-5677733/Starship-Technologies-cute-delivery-robots-deliver-lunch-desk.html}},
month = {5},
year = {2018},
note = {(Accessed on 04/03/2019)}
}

@misc{Starship2,
author = {Sean O'Kane},
title = {Starship’s robots can now deliver packages, too - The Verge},
howpublished = {\url{https://www.theverge.com/2018/10/31/18044738/starship-technologies-robot-package-delivery-price}},
month = {10},
year = {2018},
note = {(Accessed on 04/03/2019)}
}

@misc{StarshipPic,
title = {Self-Driving Delivery Robots Roll Out in the U.K.},
howpublished = {\url{https://www.newsweek.com/self-driving-robot-deliveries-london-starship-technologies-driverless-435414}},
note = {(Accessed on 04/03/2019)}
}

@misc{Tesla,
author = {Gabe Nelson},
title = {Tesla beams down 'autopilot' mode to Model S},
howpublished = {\url{https://www.autonews.com/article/20151014/OEM06/151019938/tesla-beams-down-autopilot-mode-to-model-s}},
month = {10},
year = {2015},
note = {(Accessed on 04/03/2019)}
}

@misc{Tesla2,
author = {Charles Murray},
title = {Tesla Will Have Full Autonomy in 2020, Elon Musk Says | Design News},
howpublished = {\url{https://www.designnews.com/electronics-test/tesla-will-have-full-autonomy-2020-elon-musk-says/209980870160321}},
month = {2},
year = {2019},
note = {(Accessed on 04/03/2019)}
}

@misc{Tesla3,
author = {Michael Barnard},
title = {Tesla Autopilot Hits 1 Billion Miles! \& Why Tesla Autopilot Is The Top Approach To Autonomy | CleanTechnica},
howpublished = {\url{https://cleantechnica.com/2018/11/28/tesla-autopilot-hits-1-billion-miles-why-its-leading/}},
month = {11},
year = {2018},
note = {(Accessed on 04/03/2019)}
}
